<?xml version="1.0" encoding="UTF-8"?><collection xmlns="http://www.loc.gov/MARC21/slim"><record><leader>00351nam--2200133-i-4500</leader><controlfield tag="001">000002047</controlfield><controlfield tag="002">20161230</controlfield><controlfield tag="005">20161230201024</controlfield><controlfield tag="008">060222s1000------------r-----000-0-eng-d</controlfield><datafield ind1=" " ind2=" " tag="080"><subfield code="a">621.316</subfield></datafield><datafield ind1=" " ind2=" " tag="100"><subfield code="a">Espe, Werner</subfield></datafield><datafield ind1=" " ind2=" " tag="245"><subfield code="a">Werkstoffe der elektrotechnik in tabellen und diagrammen</subfield></datafield><datafield ind1=" " ind2=" " tag="260"><subfield code="a">Berlin, Akademie Verlag, 1954. Pag.Dif</subfield></datafield><datafield ind1=" " ind2=" " tag="852"><subfield code="a">4911</subfield></datafield></record></collection>